<record><leader>00000cas a22000007a 4500</leader><controlfield tag="001">13261442</controlfield><controlfield tag="008">860307d19431954wvuwr ne      0    0eng d</controlfield><datafield ind1=" " ind2=" " tag="010"><subfield code="a">sn 86092321 </subfield></datafield><datafield ind1=" " ind2=" " tag="040"><subfield code="a">WVC</subfield><subfield code="b">eng</subfield><subfield code="c">WVC</subfield><subfield code="d">OCL</subfield><subfield code="d">OCLCQ</subfield></datafield><datafield ind1=" " ind2=" " tag="042"><subfield code="a">msc</subfield></datafield><datafield ind1="0" ind2=" " tag="130"><subfield code="a">Tucker democrat (Parsons, W. Va. : 194u)</subfield></datafield><datafield ind1="1" ind2="4" tag="245"><subfield code="a">The Tucker democrat.</subfield></datafield><datafield ind1=" " ind2=" " tag="260"><subfield code="a">Parson, W. Va. :</subfield><subfield code="b">Lowell L. George</subfield></datafield><datafield ind1=" " ind2=" " tag="300"><subfield code="a">v.</subfield></datafield><datafield ind1=" " ind2=" " tag="310"><subfield code="a">Weekly</subfield></datafield><datafield ind1="1" ind2=" " tag="362"><subfield code="a">Began in early 1943.</subfield><subfield code="z">Cf. W.V.P.A. bull., Apr., 1943.</subfield></datafield><datafield ind1="1" ind2=" " tag="362"><subfield code="a">Ceased Dec. 28, 1954.</subfield><subfield code="z">Cf. Smith, Mariwyn McClain. Parsons Advocate.</subfield></datafield><datafield ind1=" " ind2=" " tag="500"><subfield code="a">Changed title after Apr. 4, 1940 and before Feb. 1, 1945.</subfield></datafield><datafield ind1=" " ind2=" " tag="515"><subfield code="a">Publication was suspended prior to George buying the paper due to the previous owner's entry into military service. Cf. W.V.P.A. Bulletin, Apr., 1943.</subfield></datafield><datafield ind1=" " ind2=" " tag="588"><subfield code="a">Description based on: Vol. 64, no. [s.n.] (Feb. 1, 1945).</subfield></datafield><datafield ind1=" " ind2=" " tag="752"><subfield code="a">United States</subfield><subfield code="b">West Virginia</subfield><subfield code="c">Tucker</subfield><subfield code="d">Parsons.</subfield></datafield><datafield ind1="0" ind2="0" tag="780"><subfield code="t">Tucker democrat and the Davis news</subfield><subfield code="w">(DLC)sn 86092320</subfield></datafield><datafield ind1="0" ind2="4" tag="785"><subfield code="t">Parsons advocate</subfield><subfield code="w">(DLC)sn 84008412</subfield></datafield></record>